@article{Fidler:2016wv,
author = {Fidler, Fiona and Chee, Yung En and Wintle, Bonnie and Burgman, Mark A and McCarthy, Michael A and Gordon, Ascelin},
title = {{Why and how to evaluate reproducibility of ecological research}},
journal = {BioScience},
year = {2016},
pages = {1--27},
month = jun,
read = {Yes},
rating = {0},
date-added = {2016-10-24T00:45:16GMT},
date-modified = {2018-05-16T23:44:49GMT},
url = {https://osf.io/g7vha/},
local-url = {file://localhost/Users/Elise/Dropbox/papers3/Library.papers3/Files/19/19C43D30-EC24-4388-81A3-DA013D0A24A2.pdf},
file = {{19C43D30-EC24-4388-81A3-DA013D0A24A2.pdf:/Users/Elise/Dropbox/papers3/Library.papers3/Files/19/19C43D30-EC24-4388-81A3-DA013D0A24A2.pdf:application/pdf}},
uri = {\url{papers3://publication/uuid/DA36EB55-1B48-4AF5-A1D3-F6184C82D42E}}
}
